@article{c01,
author = {CDC},
journal = {CDC},
title = {Diagnostico de enfermedades parasitarias},
year = {2016},
url = {https://www.cdc.gov/parasites/es/references_resources/diagnosis.html}}

@article{c02,
author = {Cox, F. E.},
journal = {Clinical microbiology reviews},
number = {4},
pages = {595-612},
title = {History of human parasitology},
volume = {15},
year = {2002},
url = {https://doi.org/10.1128/CMR.15.4.595-612.2002}}
